@article{Ref1,
	Author = {Patrick Verniers},
    Journal = {MÃ©dia-Animation},
	Month = {10},
	Title = {Les publicitaires savent pourquoi},
	Url = {https://media-animation.be/IMG/pdf/Les_publicitaires_savent_pourquoi.pdf},
	Year = {2006}}

